@misc{afscgap,
  title={Groundfish Assessment Program},
  url={https://www.fisheries.noaa.gov/contact/groundfish-assessment-program},
  author={NOAA Fisheries},
  publisher={National Oceanic and Atmospheric Administration}
}

@misc{brown,
  title={Super Mario 3D World's 4 Step Level Design},
  url={https://www.youtube.com/watch?v=dBmIkEvEBtA},
  journal={Game Maker's Toolkit},
  publisher={YouTube},
  author={Brown, Mark},
  year={2015},
  month={Mar}
}

@misc{colorbrewer,
  title={Colorbrewer 2.0},
  url={https://colorbrewer2.org},
  journal={ColorBrewer},
  publisher={The Pennsylvania State University},
  author={Brewer, Cynthia and Harrower, Mark and Sheesley, Ben and Woodruff, Andy and Heyman, David},
  year={2013}
} 

@misc{decorators,
  title={Decorator},
  url={https://refactoring.guru/design-patterns/decorator},
  journal={Refactoring.Guru},
  publisher={Refactoring.Guru},
  author={Shvets, Alexander},
  year={2023}
}

@misc{diagrams,
  title={Jgraph/Drawio: Draw.io is a JavaScript, client-side editor for general diagramming and whiteboarding},
  url={https://github.com/jgraph/drawio},
  journal={GitHub},
  publisher={GitHub, Inc}, 
  author={JGraph and draw.io},
  year={2023}
}

@misc{d3,
  title={Data-Driven Documents 7.8.2},
  url={https://d3js.org/},
  journal={D3.js},
  publisher={Mike Bostock},
  author={Bostock, Mike and D3 Contributors},
  year={2023}
}

@article{example,
  title={Coral in Alaska: distribution, abundance, and species associations}, volume={471}, DOI={10.1023/a:1016528631593},
  number={1/3},
  journal={Hydrobiologia},
  author={Heifetz, Jonathan},
  year={2002},
  pages={19–28}
}

@misc{facade,
  title={Facade},
  url={https://refactoring.guru/design-patterns/facade},
  journal={Refactoring.Guru},
  publisher={Refactoring.Guru},
  author={Shvets, Alexander},
  year={2023}
}

@misc{few,
  title={Coordinated highlighting in context},
  url={https://www.perceptualedge.com/articles/visual_business_intelligence/coordinated_highlighting_in_context.pdf},
  journal={Visual Business Intelligence Newsletter},
  publisher={Perceptual Edge},
  author={Few, Stephen},
  year={2010},
  month={Sep}
} 

@misc{flask,
  title={Welcome to Flask},
  url={https://flask.palletsprojects.com/en/2.2.x/},
  journal={Pallets Projects},
  publisher={Pallets},
  author={Mönnich, Adrian and Ronacher, Armin and Lord, David and Li, Grey and Bronson, Joshua and Unterwaditzer, Markus and Jones, Philip and Flask Contributors},
  year={2023}
}

@misc{flatfile,
  title={Python NOAA AFSC GAP Tools (Downloads)},
  url={https://pyafscgap.org/#downloads},
  journal={AFSC GAP Tools for Python},
  publisher={University of California Berkeley},
  author={Pottinger, A S},
  year={2023},
  month={Mar}
}

@misc{geohash,
  title={Geohash.org is public!},
  url={https://blog.labix.org/2008/02/26/geohashorg-is-public},
  journal={Labix Blog},
  publisher={Labix},
  author={Niemeyer, Gustavo},
  year={2008},
  month={Feb}
}

@misc{geolib,
  title={Joyanujoy/geolib: Python geohash library},
  url={https://github.com/joyanujoy/geolib},
  journal={GitHub},
  publisher={GitHub Inc},
  author={Joy, Anu and Rivard, Éloi},
  year={2021}
}

 @misc{hayashida,
  title={The Structure of Fun: Learning from Super Mario 3D Land's Director},
  url={https://www.gamedeveloper.com/design/the-structure-of-fun-learning-from-i-super-mario-3d-land-i-s-director},
  journal={Game Developer},
  publisher={Informa},
  author={Nutt, Christian and Hayashida, Koichi},
  year={2012},
  month={Apr}
}

@misc{inport,
  title={AFSC/race/gap: Racebase database},
  url={https://www.fisheries.noaa.gov/inport/item/22008.},
  journal={InPort},
  publisher={Fisheries Information System},
  author={Kenney, Heather and Roberson, Nancy},
  year={2022},
  month={Aug}
}

@misc{lazy,
  title={Lazy looping in python: Making and using generators and iterators},
  url={https://pycon2019.trey.io/index.html},
  journal={Pycon 2019},
  publisher={Python Software Foundation},
  author={Hunner, Trey},
  year={2019}
} 

@misc{notebook,
  title={Cod AFSC GAP Example},
  url={https://hub.gke2.mybinder.org/user/schmidtdse-afscgap-ia1m4wd3/notebooks/index.ipynb}, 
  journal={MyBinder},
  publisher={The Binder Team},
  author={Pottinger, A S},
  year={2023},
  month={Mar}
} 

@misc{ords,
  title={Oracle Rest Data Services},
  url={https://docs.oracle.com/en/database/oracle/oracle-rest-data-services/},
  journal={Oracle Help Center},
  publisher={Oracle},
  year={2022},
  month={Dec}
}

@misc{papa,
  title={Papa Parse - Powerful CSV Parser for JavaScript},
  url={https://www.papaparse.com/},
  journal={Papa Parse},
  publisher={Matt Holt},
  author={Holt, Matt},
  year={2023}
}

@misc{readme,
  title={AFSC GAP Viz README.md},
  url={https://github.com/SchmidtDSE/afscgap/blob/main/afscgapviz/README.md},
  journal={GitHub},
  publisher={GitHub, Inc.},
  author={Pottinger, A S},
  year={2023},
  month={Mar}
}

@misc{requests,
  title={HTTP for humans},
  url={https://docs.python-requests.org/en/latest/index.html},
  journal={Requests},
  publisher={Requests Project},
  author={Reitz, Kenneth},
  year={2023}
}

@misc{thinkaloud,
  title={Using the "Thinking-aloud" method in cognitive interface design},
  author={Lewis, Clayton},
  year={1982},
  publisher={IBM TJ Watson Research Center},
  url={https://dominoweb.draco.res.ibm.com/2513e349e05372cc852574ec0051eea4.html}
}

@misc{toolz,
  title={Pytoolz API Documentation},
  url={https://toolz.readthedocs.io/en/latest/},
  journal={Read the Docs},
  publisher={Read the Docs, Inc},
  author={Rocklin, Matthew and Jacobsen, John and Toolz Contributors},
  year={2022}
}
